@article{sutto2015residue,
  title={From residue coevolution to protein conformational ensembles and functional dynamics},
  author={Sutto, Ludovico and Marsili, Simone and Valencia, Alfonso and Gervasio, Francesco Luigi},
  journal={Proceedings of the National Academy of Sciences},
  volume={112},
  number={44},
  pages={13567--13572},
  year={2015},
  publisher={National Acad Sciences}
}
